<?xml version="1.0" encoding="UTF-8"?><record xmlns="http://www.loc.gov/MARC21/slim" xmlns:cinclude="http://apache.org/cocoon/include/1.0" xmlns:zs="http://www.loc.gov/zing/srw/">
  <leader>00550nz  a2200133n  4500</leader>
  <controlfield tag="001">n 2006004235</controlfield>
  <controlfield tag="003">DLC</controlfield>
  <controlfield tag="005">20060119144127.0</controlfield>
  <controlfield tag="008">060119n| acannaabn          |n ana      </controlfield>
  <datafield tag="010" ind1=" " ind2=" ">
    <subfield code="a">n 2006004235</subfield>
  </datafield>
  <datafield tag="040" ind1=" " ind2=" ">
    <subfield code="a">DLC</subfield>
    <subfield code="b">eng</subfield>
    <subfield code="c">DLC</subfield>
  </datafield>
  <datafield tag="110" ind1="2" ind2=" ">
    <subfield code="a">Saasfee</subfield>
  </datafield>
  <datafield tag="670" ind1=" " ind2=" ">
    <subfield code="a">Saasfee. Mt. Fern, p2004:</subfield>
    <subfield code="b">label (Saasfee)</subfield>
  </datafield>
  <datafield tag="670" ind1=" " ind2=" ">
    <subfield code="a">Saasfee website, Jan. 19, 2006:</subfield>
    <subfield code="b">("...a label for media oriented projects and electronic music, the group consisting of six people combines the qualities of artists, programmers, and musicians for projects in their very own Saasfee style...")</subfield>
  </datafield>
</record>